@online{WEB:VHB:LuSt1:Inhaltliche-Aspekte,
	Author = {{ILI}},
	Title = {{Inhaltliche Aspekte}},
	Url = {https://www.studon.fau.de/pg198081_1620229.html},
	Urldate = {2020-02-24}}

@online{WEB:GOOGLE:SCHOLAR,
	Author = {{Google}},
	Title = {{Google Scholar}},
	Url = {https://scholar.google.de},
	Urldate = {2020-02-24}}

@online{WEB:KNOWLEDGE,
	Author = {{WOF}},
	Title = {{Web of Science}},
	Url = {https://webofknowledge.com},
	Urldate = {2020-02-24}}