@online{WEB:VHB:LuSt1:Anspruchsniveau,
	Author = {{ILI}},
	Title = {{Das Anspruchsniveau}},
	Url = {https://www.studon.fau.de/pg197367_1620182.html},
	Urldate = {2020-02-24}}

@online{WEB:VHB:LuSt1:Zielhierarchien,
	Author = {{ILI}},
	Title = {{Zielhierarchien}},
	Url = {https://www.studon.fau.de/pg197646_1620212.html},
	Urldate = {2020-02-24}}
